<?xml version="1.0" encoding="UTF-8"?><collection xmlns="http://www.loc.gov/MARC21/slim"><record><leader>00718nam--2200205-i-4500</leader><controlfield tag="001">000016006</controlfield><controlfield tag="002">20161230</controlfield><controlfield tag="005">20161230201031</controlfield><controlfield tag="008">060222s1000------------r-----000-0-eng-d</controlfield><datafield ind1=" " ind2=" " tag="040"><subfield code="a">IFIN-HH</subfield></datafield><datafield ind1=" " ind2=" " tag="080"><subfield code="a">530.145(082.2)</subfield></datafield><datafield ind1="1" ind2=" " tag="100"><subfield code="a">Chretien, M</subfield></datafield><datafield ind1="1" ind2="0" tag="245"><subfield code="a">Brandeis university summer institute in theoretical physics, 1965</subfield><subfield code="b">Particle symmetries and axiomatic field theory</subfield><subfield code="c">M. chretien, s. deser (eds.)</subfield></datafield><datafield ind1=" " ind2=" " tag="260"><subfield code="a">New York</subfield><subfield code="b">Gordon And Breach, Science Publishers, Inc</subfield><subfield code="c">1966</subfield></datafield><datafield ind1=" " ind2=" " tag="300"><subfield code="a">2 VOLUMES</subfield></datafield><datafield ind1=" " ind2=" " tag="490"><subfield code="a">Brandeis University Summer Institute In Theoretical Physics</subfield></datafield><datafield ind1="1" ind2=" " tag="700"><subfield code="a">Deser, S</subfield><subfield code="e">Ed</subfield></datafield><datafield ind1="1" ind2=" " tag="787"><subfield code="a">Volume 2: Particle Symmetries</subfield><subfield code="h">691p</subfield></datafield><datafield ind1=" " ind2=" " tag="852"><subfield code="a">27220</subfield><subfield code="c">539.12</subfield></datafield><datafield ind1=" " ind2=" " tag="CAT"><subfield code="a">Sys</subfield><subfield code="c">20111115</subfield><subfield code="h">123216</subfield></datafield></record></collection>